@ONLINE{XCOM,
	title = {XCOM Version 3.1},
	urldate = {2014-12-17},
	url = {http://physics.nist.gov/PhysRefData/Xcom/Text/download.html},
}


@ONLINE{glfw,
	title = {GLFW},
	urldate = {2014-12-17},
	url = {http://www.glfw.org/},
}

@ONLINE{freetype,
	title = {GLFW},
	urldate = {2014-12-17},
	url = {http://www.freetype.org/},
}

@ONLINE{cmake,
	title = {CMake -- Cross-Platform Make},
	urldate = {2014-02-25},
	url = {http://www.cmake.org/},
}

@ONLINE{gzip,
	title = {The gzip home page},
	urldate = {2014-02-25},
	url = {http://www.gzip.org/},
}

@ONLINE{opengl,
	title = {{OpenGL} -- The Industry's Foundation for High Performance Graphics},
	urldate = {2014-02-25},
	url = {http://www.opengl.org/},
}

@ONLINE{glew,
	title = {The {OpenGL} {Extension} {Wrangler} Library},
	urldate = {2014-02-25},
	url = {http://glew.sourceforge.net/},
}

@ONLINE{zlib,
	author = {Greg Roelofs and Jean-loup Gailly and Mark Adler},
	title = {zlib home site},
	urldate = {2014-02-25},
	url = {http://www.zlib.net/},
}

@ONLINE{boost,
	author = {},
	title = {Boost {C++} Libraries},
	urldate = {2014-02-25},
	url = {http://www.boost.org/},
}

@ONLINE{glut,
	title = {{GLUT} -- The OpenGL Utility Toolkit},
	urldate = {2014-02-25},
	url = {http://www.opengl.org/resources/libraries/glut/},
}

@ONLINE{fltk,
	title = {{FLTK} -- Fast Light Toolkit},
	urldate = {2014-02-25},
	url = {http://www.fltk.org/},
}

@ONLINE{freeglut,
	title = {The Free OpenGL Utility Toolkit},
	urldate = {2014-02-25},
	url = {http://freeglut.sourceforge.net/},
}

@ONLINE{itk,
	title = {Insight Segmentation and Registration Toolkit (ITK)},
	urldate = {2014-02-25},
	url = {http://www.itk.org/},
}

@ONLINE{doxygen,
	author = {},
	title = {Doxygen: mian page},
	urldate = {2014-02-25},

	url = {http://www.doxygen.org/},
}

@ONLINE{freeimage,
	author = {Herv\'e Drolon},
	title = {The FreeImage Project},
	urldate = {2014-02-25},
	url = {http://freeimage.sourceforge.net/},
}

@ONLINE{tortoisesvn,
	title = {The coolest Interface to (Sub)Version Control},
	urldate = {2014-02-25},
	url = {http://tortoisesvn.tigris.org/},
}
